@article{wood2014ethereum,
  title={Ethereum: A secure decentralised generalised transaction ledger},
  author={Wood, Gavin and others},
  journal={Ethereum project yellow paper},
  volume={151},
  number={2014},
  pages={1--2},
  year={2014}
}
@article{nakamoto2008bitcoin,
  title={Bitcoin: A peer-to-peer electronic cash system},
  author={Nakamoto, Satoshi},
  journal={Decentralized Business Review},
  pages={21260},
  year={2008}
}
@article{shin2018chapterVcryptocurrencies,
  title={Chapter {V} {C}ryptocurrencies: looking beyond the hype},
  author={Hyun Song Shin},
  journal={BIS 2018 Annual Economic Report},
  year={2018}
}
@article{criddle2021bitcoin-electricity,
  title={Bitcoin consumes 'more electricity than {A}rgentina'.},
  author={Criddle, Christina},
  journal={BBC News},
  year={2021}
}
@article{eth-whitepaper,
  author={Vitalik Buterin},
  journal={white paper},
  title={A next-generation smart contract and decentralized application platform},
  volume={3},
  year={2014}
}